<record xmlns="http://www.loc.gov/MARC21/slim" xmlns:xsi="http://www.w3.org/2001/XMLSchema-instance" xsi:schemaLocation="http://www.loc.gov/MARC21/slim http://www.loc.gov/standards/marcxml/schema/MARC21slim.xsd"><leader>01426nam a2200277   4500</leader><controlfield tag="001">001682815</controlfield><controlfield tag="003">NNU</controlfield><controlfield tag="006">m        d        </controlfield><controlfield tag="007">cr cn |||m|||a</controlfield><controlfield tag="008">140707s1965    iq      ob    000 0 ara d</controlfield><datafield ind1=" " ind2=" " tag="040"><subfield code="a">NNU</subfield><subfield code="b">eng</subfield><subfield code="c">NNU</subfield></datafield><datafield ind1="1" ind2=" " tag="100"><subfield code="a">Bahl&#363;l&#299;, Ja&#699;far ibn A&#7717;mad,</subfield><subfield code="d">d. 1177 or 8.</subfield></datafield><datafield ind1="1" ind2="0" tag="245"><subfield code="a">Shar&#7717; qa&#7779;&#299;dat al-&#7778;&#257;&#7717;ib ibn &#699;Abb&#257;d f&#299; u&#7779;&#363;li al-d&#299;n. Ta&#7717;q&#299;q Mu&#7717;ammad &#7716;asan &#256;l y&#257;s&#299;n</subfield><subfield code="h">[electronic resource].</subfield></datafield><datafield ind1=" " ind2=" " tag="260"><subfield code="a">Baghdad :</subfield><subfield code="b">al-Maktabah al-Ahl&#299;yah,</subfield><subfield code="c">1965.</subfield></datafield><datafield ind1=" " ind2=" " tag="300"><subfield code="a">online resource (132 p.) :</subfield><subfield code="b">facsim.</subfield></datafield><datafield ind1=" " ind2=" " tag="500"><subfield code="a">Added t.p. in English.</subfield></datafield><datafield ind1=" " ind2=" " tag="500"><subfield code="a">Part of the Arabic Collections Online (ACO) project, contributed by New York Univeristy Libraries.</subfield></datafield><datafield ind1=" " ind2=" " tag="504"><subfield code="a">Bibliography: p. 132.</subfield></datafield><datafield ind1=" " ind2=" " tag="500"><subfield code="a">Cover title: Sharh Kasedat as-Sahib ibn Abbad fi usul al-deen, by Jafar al-Buhlooli al-Yamani.</subfield></datafield><datafield ind1=" " ind2=" " tag="533"><subfield code="a">Electronic reproduction.</subfield><subfield code="b">New York, N.Y. :</subfield><subfield code="c">New York University,</subfield><subfield code="d">2014.</subfield><subfield code="5">NNU</subfield></datafield><datafield ind1="1" ind2="0" tag="600"><subfield code="a">&#7778;&#257;&#7717;ib al-&#7788;&#257;lq&#257;n&#299;, Ab&#363; al-Q&#257;sim Ism&#257;&#699;&#299;l ibn &#699;Abb&#257;d,</subfield><subfield code="d">936-995.</subfield></datafield><datafield ind1="2" ind2=" " tag="710"><subfield code="a">New York University.</subfield><subfield code="b">Libraries.</subfield></datafield><datafield ind1="0" ind2=" " tag="730"><subfield code="a">Arabic Collections Online.</subfield></datafield><datafield ind1="0" ind2="8" tag="776"><subfield code="i">Print version:</subfield><subfield code="a">Bahl&#363;l&#299;, Ja&#699;far ibn A&#7717;mad, d. 1177 or 8.</subfield><subfield code="t">Shar&#7717; qa&#7779;&#299;dat al-&#7778;&#257;&#7717;ib ibn &#699;Abb&#257;d f&#299; u&#7779;&#363;li al-d&#299;n. Ta&#7717;q&#299;q Mu&#7717;ammad &#7716;asan &#256;l y&#257;s&#299;n</subfield><subfield code="w">(NNU)001682815</subfield></datafield><datafield ind1="4" ind2="0" tag="856"><subfield code="u">http://hdl.handle.net/2333.1/zpc868rk</subfield></datafield><datafield ind1=" " ind2=" " tag="959"><subfield code="a">NNU</subfield><subfield code="b">WEB</subfield><subfield code="c">GENI</subfield><subfield code="t">0</subfield><subfield code="m">Electronic access</subfield><subfield code="s">01</subfield></datafield></record>